@inproceedings{darwin,
author = {A. Alzohairy},
year = {2009},
month = {04},
pages = {},
title = {Darwin's Theory Of Evolution},
doi = {10.13140/2.1.1303.5528}
}
@misc{darwinWeb,
  author = {J. Kominek},
  title = {{Prawa ewolucji Darwina}},
  howpublished = "\url{http://wiw.org/~jkominek/lojban/9402/msg00074.html}",
  year = {1994}, 
  note = "[Online; dostęp  09.02.19]"

}
@book{algBook,
author=" Z.Michalewicz",
title="Genetic Algorithms + Data Structures = Evolution Programs",
publisher ="Wydawnictwo Naukowo-Techniczne",
year ="1999"
}

@book{javaGen,
author=" L. Jackobson, B. Kanber",
title="Genetic Algorithms in Java Basics",
publisher ="Apress",
year ="2015",
pages ="16"
}
@book{encyk,
  title={{Encyklopedia Powszechna PWN}},
  year={1973},
  publisher={PWN}

}
@misc{berkely,

  title = {{Typy mutacji}},
  howpublished = "\url{https://evolution.berkeley.edu/evolibrary/article/%3C?%20echo%20$baseURL;%20?%3E/mutations_03l}",
  note = "[Online; dostęp  09.02.19]"

}
@misc{bioDicWeb, 
title= {{Definicja crossing-over}},
howpublished ="\url{https://biologydictionary.net/crossing-over/}",
  note = "[Online; dostęp  09.02.19]"
}
@book{encykBio,
 Title={{Encyklopedia Biologiczna}},
  Year={2017},
  publisher={ GREG Krakow},
note = "Wydanie drugie, poprawione" 

}
@article{hybry,
    author =       "A.Chrzanowska,  K.A. Jadwiszczak",
    title = " Rola hybrydyzacji międzygatunkowej  w kształtowaniu zmienności genetycznej  oraz morfologicznej brzóz (Betula L.)",
publisher= " Uniwersytet w Białymstoku ",
    year =         " 2015"
}
@misc{genAlgWeb, 
title= {{O algorytmach genetycznych}},
howpublished ="\url{https://www.toptal.com/algorithms/genetic-algorithms}",
  note = "[Online; dostęp  09.02.19]"
}
